<record><leader>00000cas a2200000 a 4500</leader><controlfield tag="001">10745699</controlfield><controlfield tag="008">840517d19371994wyudn ne      0   a0eng c</controlfield><controlfield tag="009">2370</controlfield><datafield ind1=" " ind2=" " tag="010"><subfield code="a">sn 84007648 </subfield></datafield><datafield ind1=" " ind2=" " tag="040"><subfield code="a">DPL</subfield><subfield code="b">eng</subfield><subfield code="c">DPL</subfield><subfield code="d">NSD</subfield><subfield code="d">DLC</subfield><subfield code="d">NVO</subfield><subfield code="d">NSD</subfield><subfield code="d">DLC</subfield><subfield code="d">OCL</subfield><subfield code="d">DLC</subfield><subfield code="d">OCLCQ</subfield><subfield code="d">OCLCF</subfield></datafield><datafield ind1="1" ind2=" " tag="022"><subfield code="a">8750-0817</subfield><subfield code="l">8750-0817</subfield><subfield code="2">1</subfield></datafield><datafield ind1="1" ind2=" " tag="029"><subfield code="a">AU@</subfield><subfield code="b">000011275409</subfield></datafield><datafield ind1=" " ind2=" " tag="032"><subfield code="a">694300</subfield><subfield code="b">USPS</subfield></datafield><datafield ind1=" " ind2=" " tag="042"><subfield code="a">nsdp</subfield><subfield code="a">pcc</subfield></datafield><datafield ind1=" " ind2=" " tag="043"><subfield code="a">n-us-wy</subfield></datafield><datafield ind1="0" ind2="0" tag="050"><subfield code="a">Newspaper 10300</subfield></datafield><datafield ind1="0" ind2="0" tag="050"><subfield code="a">Newspaper 10301</subfield></datafield><datafield ind1="0" ind2=" " tag="130"><subfield code="a">Wyoming state tribune (Cheyenne, Wyo. : 1937)</subfield></datafield><datafield ind1=" " ind2="0" tag="222"><subfield code="a">Wyoming state tribune</subfield></datafield><datafield ind1="1" ind2="0" tag="245"><subfield code="a">Wyoming state tribune.</subfield></datafield><datafield ind1=" " ind2=" " tag="260"><subfield code="a">Cheyenne, Wyo. :</subfield><subfield code="b">Tribune Pub. Co.,</subfield></datafield><datafield ind1=" " ind2=" " tag="300"><subfield code="a">v.</subfield></datafield><datafield ind1=" " ind2=" " tag="310"><subfield code="a">Daily (except Sunday)</subfield></datafield><datafield ind1="0" ind2=" " tag="362"><subfield code="a">Vol. 70, no. 137 (Feb. 2, 1937)-v. 127, no. 140 (Apr. 1, 1994).</subfield></datafield><datafield ind1=" " ind2=" " tag="500"><subfield code="a">July 26, 1960 issue called also "Wyoming's 70th anniversary edition."</subfield></datafield><datafield ind1=" " ind2=" " tag="500"><subfield code="a">July 25, 1961 issue called also "Wyoming products edition."</subfield></datafield><datafield ind1=" " ind2=" " tag="500"><subfield code="a">June 14, 1967 issue called also "Cheyenne centennial edition."</subfield></datafield><datafield ind1=" " ind2=" " tag="515"><subfield code="a">Also continues numbering of Wyoming State tribune, Cheyenne State leader, Cheyenne daily sun.</subfield></datafield><datafield ind1=" " ind2=" " tag="530"><subfield code="a">Also available on microfilm from Wyoming State Archives and Historical Dept.</subfield></datafield><datafield ind1=" " ind2=" " tag="580"><subfield code="a">Sunday issues called: Sunday Wyoming tribune-eagle, Sept. 8, 1968-1994, holiday issues called: The Wyoming tribune-eagle, &lt;1984&gt;-1994.</subfield></datafield><datafield ind1=" " ind2=" " tag="580"><subfield code="a">Merged with: Wyoming eagle, and: Sunday Wyoming tribune-eagle, to form: Wyoming tribune-eagle.</subfield></datafield><datafield ind1=" " ind2="0" tag="651"><subfield code="a">Cheyenne (Wyo.)</subfield><subfield code="v">Newspapers.</subfield></datafield><datafield ind1=" " ind2="0" tag="651"><subfield code="a">Laramie County (Wyo.)</subfield><subfield code="v">Newspapers.</subfield></datafield><datafield ind1=" " ind2="7" tag="655"><subfield code="a">Newspapers.</subfield><subfield code="2">fast</subfield><subfield code="0">(OCoLC)fst01423814</subfield></datafield><datafield ind1=" " ind2="7" tag="651"><subfield code="a">Wyoming</subfield><subfield code="z">Cheyenne.</subfield><subfield code="2">fast</subfield><subfield code="0">(OCoLC)fst01207517</subfield></datafield><datafield ind1=" " ind2="7" tag="651"><subfield code="a">Wyoming</subfield><subfield code="z">Laramie County.</subfield><subfield code="2">fast</subfield><subfield code="0">(OCoLC)fst01225729</subfield></datafield><datafield ind1=" " ind2=" " tag="752"><subfield code="a">United States</subfield><subfield code="b">Wyoming</subfield><subfield code="c">Laramie</subfield><subfield code="d">Cheyenne.</subfield></datafield><datafield ind1="1" ind2=" " tag="775"><subfield code="t">Sunday Wyoming tribune-eagle</subfield><subfield code="w">(DLC)sn 84007650</subfield><subfield code="w">(OCoLC)10745618</subfield></datafield><datafield ind1="0" ind2="0" tag="780"><subfield code="t">Wyoming state tribune, Cheyenne state leader, Cheyenne daily sun</subfield><subfield code="w">(DLC)sn 92067210</subfield><subfield code="w">(OCoLC)26771205</subfield></datafield><datafield ind1="1" ind2="7" tag="785"><subfield code="t">Wyoming eagle</subfield><subfield code="w">(DLC)sn 84007652</subfield><subfield code="w">(OCoLC)10960765</subfield></datafield><datafield ind1="1" ind2="7" tag="785"><subfield code="t">Sunday Wyoming tribune-eagle</subfield><subfield code="w">(DLC)sn 84007650</subfield><subfield code="w">(OCoLC)10745618</subfield></datafield><datafield ind1="1" ind2="7" tag="785"><subfield code="t">Wyoming tribune-eagle</subfield><subfield code="x">1075-783X</subfield><subfield code="w">(DLC)sn 93070124</subfield><subfield code="w">(OCoLC)30087687</subfield></datafield></record>